@ARTICLE{Review-1,
  title={Electron liquids and solids in one dimension},
  author={Deshpande, Vikram V and Bockrath, Marc and Glazman, Leonid I and Yacoby, Amir},
  journal={Nature},
  volume={463},
  number={7286},
  pages={209--217},
  year={2010},
  publisher={Nature Publishing Group}
}

@ARTICLE{Review-2,
  title={One dimensional bosons: From condensed matter systems to ultracold gases},
  author={Cazalilla, MA and Citro, Roberta and Giamarchi, Thierry and Orignac, Edmond and Rigol, Marcos},
  journal={Reviews of Modern Physics},
  volume={83},
  number={4},
  pages={1405},
  year={2011},
  publisher={APS}
}

@ARTICLE{Review-3,
  title={One-dimensional quantum liquids: Beyond the Luttinger liquid paradigm},
  author={Imambekov, Adilet and Schmidt, Thomas L and Glazman, Leonid I},
  journal={Reviews of Modern Physics},
  volume={84},
  number={3},
  pages={1253},
  year={2012},
  publisher={APS}
}

@BOOK{LL,
  title={Fluid Mechanics: Landau and Lifshitz: Course of Theoretical Physics},
  author={Landau, L.D. and Lifshitz, E.M.},
  number={v. 6},
  isbn={9781483161044},
  url={https://books.google.com/books?id=eOBbAwAAQBAJ},
  year={2013},
  publisher={Elsevier Science}
}

@ARTICLE{Haldane,
  title={'Luttinger liquid theory'of one-dimensional quantum fluids. I. Properties of the Luttinger model and their extension to the general 1D interacting spinless Fermi gas},
  author={Haldane, FDM},
  journal={Journal of Physics C: Solid State Physics},
  volume={14},
  number={19},
  pages={2585},
  year={1981},
  publisher={IOP Publishing}
}

@BOOK{Stone, 
  title={Bosonization},
  author={Stone, Michael},
  year={1994},
  publisher={World Scientific}
}

@BOOK{Gogolin,
  title={Bosonization and Strongly Correlated Systems},
  author={Gogolin, A.O. and Nersesyan, A.A. and Tsvelik, A.M.},
  isbn={9780521590310},
  lccn={97035519},
  url={https://books.google.com/books?id=g2CBQgAACAAJ},
  year={1999},
  publisher={Cambridge University Press}
}


@BOOK{Giamarchi,
  title={Quantum physics in one dimension},
  author={Giamarchi, Thierry},
  volume={121},
  year={2004},
  publisher={Oxford university press}
}
@BOOK{Mattis,
  title={The Many-Body Problem: An Encyclopedia of Exactly Solved Models in One Dimension(3rd Printing with Revisions and Corrections)},
  author={Mattis, D.C.},
  isbn={9789814505574},
  url={https://books.google.com/books?id=RazsCgAAQBAJ},
  year={1993},
  publisher={World Scientific}
}


@BOOK{Sutherland,
  title={Beautiful Models: 70 Years of Exactly Solved Quantum Many-Body Problems},
  author={Sutherland, B.},
  isbn={9789813102149},
  url={https://books.google.com/books?id=ze87DQAAQBAJ},
  year={2004}
}


@ARTICLE{Kinast,
  title={Evidence for superfluidity in a resonantly interacting Fermi gas},
  author={Kinast, Joseph and Hemmer, SL and Gehm, ME and Turlapov, A and Thomas, JE},
  journal={Physical Review Letters},
  volume={92},
  number={15},
  pages={150402},
  year={2004},
  publisher={APS}
}

@ARTICLE{Bartenstein,
  title={Collective excitations of a degenerate gas at the BEC-BCS crossover},
  author={Bartenstein, M and Altmeyer, A and Riedl, S and Jochim, S and Chin, C and Denschlag, J Hecker and Grimm, R},
  journal={Physical review letters},
  volume={92},
  number={20},
  pages={203201},
  year={2004},
  publisher={APS}
}

@ARTICLE{Altmeyer,
  title={Precision measurements of collective oscillations in the BEC-BCS crossover},
  author={Altmeyer, A and Riedl, S and Kohstall, C and Wright, MJ and Geursen, R and Bartenstein, M and Chin, C and Denschlag, J Hecker and Grimm, R},
  journal={Physical review letters},
  volume={98},
  number={4},
  pages={040401},
  year={2007},
  publisher={APS}
}

@ARTICLE{Wright,
  title={Finite-temperature collective dynamics of a Fermi gas in the BEC-BCS crossover},
  author={Wright, MJ and Riedl, S and Altmeyer, A and Kohstall, C and Guajardo, ER S{\'a}nchez and Denschlag, J Hecker and Grimm, R},
  journal={Physical review letters},
  volume={99},
  number={15},
  pages={150403},
  year={2007},
  publisher={APS}
}

@ARTICLE{Khodas,
  title={Fermi-Luttinger liquid: Spectral function of interacting one-dimensional fermions},
  author={Khodas, M and Pustilnik, M and Kamenev, A and Glazman, LI},
  journal={Physical Review B},
  volume={76},
  number={15},
  pages={155402},
  year={2007},
  publisher={APS}
}

@ARTICLE{Barak,
  title={Interacting electrons in one dimension beyond the Luttinger-liquid limit},
  author={Barak, Gilad and Steinberg, Hadar and Pfeiffer, Loren N and West, Ken W and Glazman, Leonid and Von Oppen, Felix and Yacoby, Amir},
  journal={Nature Physics},
  volume={6},
  number={7},
  pages={489--493},
  year={2010},
  publisher={Nature Research}
}

@ARTICLE{Karzig,
  title={Energy relaxation and thermalization of hot electrons in quantum wires},
  author={Karzig, Torsten and Glazman, Leonid I and von Oppen, Felix},
  journal={Physical review letters},
  volume={105},
  number={22},
  pages={226407},
  year={2010},
  publisher={APS}
}

@ARTICLE{Micklitz,
  title={Thermalization of nonequilibrium electrons in quantum wires},
  author={Micklitz, Tobias and Levchenko, Alex},
  journal={Physical review letters},
  volume={106},
  number={19},
  pages={196402},
  year={2011},
  publisher={APS}
}

@ARTICLE{Levchenko,
  title={Plasmon decay and thermal transport from spin-charge coupling in generic Luttinger liquids},
  author={Levchenko, Alex},
  journal={Physical review letters},
  volume={113},
  number={19},
  pages={196401},
  year={2014},
  publisher={APS}
}

@ARTICLE{Iqbal,
  title={Effects of interaction on field-induced resonances in a confined Fermi liquid},
  author={Iqbal, A and Khodas, M},
  journal={Physical Review B},
  volume={90},
  number={15},
  pages={155439},
  year={2014},
  publisher={APS}
}

@ARTICLE{Drexler,
  title={Nonparabolic confinement in quantum wire superlattices},
  author={Drexler, H and Hansen, W and Kotthaus, JP and Holland, M and Beaumont, SP},
  journal={Physical Review B},
  volume={46},
  number={19},
  pages={12849},
  year={1992},
  publisher={APS}
}

@ARTICLE{Wendler,
  title={Plasmons in imperfect parabolic quantum-well wires: Self-consistent calculations},
  author={Wendler, L and Haupt, R},
  journal={Physical Review B},
  volume={52},
  number={12},
  pages={9031},
  year={1995},
  publisher={APS}
}

@ARTICLE{Schneider,
  AUTHOR = {S.~Schneider and G.~J.~Milburn},
  JOURNAL = {Phys. Rev. A},
  VOLUME = {65},
  PAGES = {042107},
  YEAR = {2002}
}

@ARTICLE{Riedl,
  title={Collective oscillations of a Fermi gas in the unitarity limit: Temperature effects and the role of pair correlations},
  author={Riedl, Stefan and Guajardo, ER S{\'a}nchez and Kohstall, C and Altmeyer, A and Wright, MJ and Denschlag, J Hecker and Grimm, Rudolph and Bruun, Georg Morten and Smith, Henrik},
  journal={Physical Review A},
  volume={78},
  number={5},
  pages={053609},
  year={2008},
  publisher={APS}
}

@ARTICLE{Morigi_PRE,
  title={Dynamics of an ion chain in a harmonic potential},
  author={Morigi, Giovanna and Fishman, Shmuel},
  journal={Physical Review E},
  volume={70},
  number={6},
  pages={066141},
  year={2004},
  publisher={APS}
}
%Dynamics of an ion chain in a harmonic potential

@ARTICLE{Abrikosov,
  title={The theory of a fermi liquid (the properties of liquid $^3$He at low temperatures)},
  author={Abrikosov, AA and Khalatnikov, IM},
  journal={Reports on Progress in Physics},
  volume={22},
  number={1},
  pages={329},
  year={1959},
  publisher={IOP Publishing}
}

@ARTICLE{Iqbal2,
  title={Decay of the Kohn mode in hydrodynamic regime},
  author={Iqbal, A and Levchenko, A and Khodas, M},
  journal={Physical Review B},
  volume={92},
  number={2},
  pages={024303},
  year={2015},
  publisher={APS}
}

@ARTICLE{Citro,
  title={Luttinger hydrodynamics of confined one-dimensional Bose gases with dipolar interactions},
  author={Citro, Roberta and De Palo, Stefania and Orignac, Edmond and Pedri, Paolo and Chiofalo, Maria-Luisa},
  journal={New Journal of Physics},
  volume={10},
  number={4},
  pages={045011},
  year={2008},
  publisher={IOP Publishing}
}

@ARTICLE{Stringari,
  title={Collective oscillations of a one-dimensional trapped Bose-Einstein gas},
  author={Menotti, Chiara and Stringari, Sandro},
  journal={Physical Review A},
  volume={66},
  number={4},
  pages={043610},
  year={2002},
  publisher={APS}
}

@ARTICLE{Petrov1,
  title={Low-dimensional trapped gases},
  author={Petrov, DS and Gangardt, DM and Shlyapnikov, GV},
  booktitle={Journal de Physique IV (Proceedings)},
  volume={116},
  pages={5--44},
  year={2004},
  organization={EDP sciences}
}

@ARTICLE{Petrov2,
  title={Regimes of quantum degeneracy in trapped 1D gases},
  author={Petrov, DS and Shlyapnikov, GV and Walraven, JTM},
  journal={Physical Review Letters},
  volume={85},
  number={18},
  pages={3745},
  year={2000},
  publisher={APS}
}

@ARTICLE{AL,
  title={Transport in partially equilibrated inhomogeneous quantum wires},
  author={Levchenko, Alex and Micklitz, Tobias and Rech, J{\'e}r{\^o}me and Matveev, KA},
  journal={Physical Review B},
  volume={82},
  number={11},
  pages={115413},
  year={2010},
  publisher={APS}
}

@ARTICLE{Matveev,
  title={Electrical and Thermal Transport in Inhomogeneous Luttinger Liquids},
  author={DeGottardi, Wade and Matveev, KA},
  journal={Physical review letters},
  volume={114},
  number={23},
  pages={236405},
  year={2015},
  publisher={APS}
}

@ARTICLE{Andreev,
  title={Hydrodynamic description of transport in strongly correlated electron systems},
  author={Andreev, AV and Kivelson, Steven A and Spivak, B},
  journal={Physical Review Letters},
  volume={106},
  number={25},
  pages={256804},
  year={2011},
  publisher={APS}
}

%%%%%%%%chapter~1
@ARTICLE{Griffin1997,
  title={Hydrodynamic modes in a trapped Bose gas above the Bose-Einstein transition},
  author={Griffin, A and Wu, Wen-Chin and Stringari, Sandro},
  journal={Physical review letters},
  volume={78},
  number={10},
  pages={1838},
  year={1997},
  publisher={APS}
}

@ARTICLE{Wolf2001,
  title={Spintronics: a spin-based electronics vision for the future},
  author={Wolf, SA and Awschalom, DD and Buhrman, RA and Daughton, JM and Von Molnar, S and Roukes, ML and Chtchelkanova, A Yu and Treger, DM},
  journal={Science},
  volume={294},
  number={5546},
  pages={1488--1495},
  year={2001},
  publisher={American Association for the Advancement of Science}
}

@BOOK{Awschalom2002,
  title={Semiconductor Spintronics and Quantum Computation},
  author={Awschalom, D. and Awschalom, D.D. and Loss, D. and Samarth, N.},
  isbn={9783540421764},
  lccn={02020925},
  series={NanoScience and Technology},
  url={https://books.google.com/books?id=tlDSx\_8\_5v4C},
  year={2002},
  publisher={Springer}
}


@ARTICLE{Hall2006,
  title={Performance of a spin-based insulated gate field effect transistor},
  author={Hall, Kimberley C and Flatte, Michael E},
  journal={Applied Physics Letters},
  volume={88},
  number={16},
  pages={162503},
  year={2006},
  publisher={AIP}
}
	
@ARTICLE{Awschalom2007,
  title={Challenges for semiconductor spintronics},
  author={Awschalom, David D and Flatt{\'e}, Michael E},
  journal={Nature Physics},
  volume={3},
  pages={153--159},
  year={2007}
}

@ARTICLE{Bournel1998,
  title={Gate-induced spin precession in an In 0.53 Ga 0.47 As two dimensional electron gas},
  author={Bournel, A and Dollfus, P and Bruno, P and Hesto, P},
  journal={The European Physical Journal-Applied Physics},
  volume={4},
  number={1},
  pages={1--4},
  year={1998},
  publisher={EDP Sciences}
}

@ARTICLE{Malshukov2000,
  title={Waveguide diffusion modes and slowdown of D’yakonov-Perel’spin relaxation in narrow two-dimensional semiconductor channels},
  author={Mal’Shukov, AG and Chao, KA},
  journal={Physical Review B},
  volume={61},
  number={4},
  pages={R2413},
  year={2000},
  publisher={APS}
}

@ARTICLE{Kiselev2000,
  title={Progressive suppression of spin relaxation in two-dimensional channels of finite width},
  author={Kiselev, AA and Kim, KW},
  journal={Physical Review B},
  volume={61},
  number={19},
  pages={13115},
  year={2000},
  publisher={APS}
}

@ARTICLE{Pareek2002,
  title={Spin coherence in a two-dimensional electron gas with Rashba spin-orbit interaction},
  author={Pareek, TP and Bruno, P},
  journal={Physical Review B},
  volume={65},
  number={24},
  pages={241305},
  year={2002},
  publisher={APS}
}

@ARTICLE{Schwab2006,
  title={Spin relaxation in narrow wires of a two-dimensional electron gas},
  author={Schwab, Peter and Dzierzawa, Michael and Gorini, Cosimo and Raimondi, Roberto},
  journal={Physical Review B},
  volume={74},
  number={15},
  pages={155316},
  year={2006},
  publisher={APS}
}

@ARTICLE{Holleitner2006,
  title={Suppression of spin relaxation in submicron InGaAs wires},
  author={Holleitner, AW and Sih, V and Myers, RC and Gossard, AC and Awschalom, DD},
  journal={Physical review letters},
  volume={97},
  number={3},
  pages={036805},
  year={2006},
  publisher={APS}
}

@ARTICLE{Chang2009,
  title={Semiclassical path integral approach for spin relaxations in narrow wires},
  author={Chang, Cheng-Hung and Tsai, Jengjan and Lo, Hui-Fen and Mal’shukov, AG},
  journal={Physical Review B},
  volume={79},
  number={12},
  pages={125310},
  year={2009},
  publisher={APS}
}

@ARTICLE{Froltsov2001,
  title={Diffusion of inhomogeneous spin distribution in a magnetic field parallel to interfaces of a III-V semiconductor quantum well},
  author={Froltsov, VA},
  journal={Physical Review B},
  volume={64},
  number={4},
  pages={045311},
  year={2001},
  publisher={APS}
}

@ARTICLE{Pershin2005,
  title={Long-lived spin coherence states in semiconductor heterostructures},
  author={Pershin, Yuriy V},
  journal={Physical Review B},
  volume={71},
  number={15},
  pages={155317},
  year={2005},
  publisher={APS}
}

@ARTICLE{Meijer2004,
  title={Competition between spin-orbit interaction and Zeeman coupling in Rashba two-dimensional electron gases},
  author={Meijer, FE and Morpurgo, AF and Klapwijk, TM and Koga, T and Nitta, J},
  journal={Physical Review B},
  volume={70},
  number={20},
  pages={201307},
  year={2004},
  publisher={APS}
}

@ARTICLE{Frolov2009,
  title={Ballistic spin resonance},
  author={Frolov, SM and L{\"u}scher, S and Yu, W and Ren, Y and Folk, JA and Wegscheider, W},
  journal={Nature},
  volume={458},
  pages={868--871},
  year={2009}
}

@ARTICLE{Luscher2010,
  title={Numerical study of resonant spin relaxation in quasi-one-dimensional channels},
  author={L{\"u}scher, S and Frolov, SM and Folk, JA},
  journal={Physical Review B},
  volume={82},
  number={11},
  pages={115304},
  year={2010},
  publisher={APS}
}

@ARTICLE{Hachiya2014,
  title={Ballistic spin resonance in multisubband quantum wires},
  author={Hachiya, Marco O and Usaj, Gonzalo and Egues, J Carlos},
  journal={Physical Review B},
  volume={89},
  number={12},
  pages={125310},
  year={2014},
  publisher={APS}
}

@ARTICLE{Berman2014,
  title={Spin polarization oscillations without spin precession: spin-orbit entangled resonances in quasi-one-dimensional spin transport},
  author={Berman, DH and Khodas, M and Flatt{\'e}, ME},
  journal={Physical Review X},
  volume={4},
  number={1},
  pages={011048},
  year={2014},
  publisher={APS}
}

@ARTICLE{Kohn1961,
  title={Cyclotron resonance and de Haas-van Alphen oscillations of an interacting electron gas},
  author={Kohn, Walter},
  journal={Physical Review},
  volume={123},
  number={4},
  pages={1242},
  year={1961},
  publisher={APS}
}

@ARTICLE{Dobson1994,
  title={Harmonic-potential theorem: Implications for approximate many-body theories},
  author={Dobson, John F},
  journal={Physical review letters},
  volume={73},
  number={16},
  pages={2244},
  year={1994},
  publisher={APS}
}

@ARTICLE{Brey1989,
  title={Optical and magneto-optical absorption in parabolic quantum wells},
  author={Brey, L and Johnson, NF and Halperin, BI},
  journal={Physical Review B},
  volume={40},
  number={15},
  pages={10647},
  year={1989},
  publisher={APS}
}

@ARTICLE{Wixforth1994,
  title={Dynamic response of parabolically confined electron systems},
  author={Wixforth, A and Kaloudis, M and Rocke, C and Ensslin, K and Sundaram, M and English, JH and Gossard, AC},
  journal={Semiconductor science and technology},
  volume={9},
  number={3},
  pages={215},
  year={1994},
  publisher={IOP Publishing}
}

@ARTICLE{Minguzzi2001,
  title={Collective excitations in confined Fermi gases},
  author={Minguzzi, A and Tosi, MP},
  journal={Physica B: Condensed Matter},
  volume={300},
  number={1},
  pages={27--37},
  year={2001},
  publisher={Elsevier}
}

@ARTICLE{Chiacchiera2009,
  title={Collective modes of trapped Fermi gases with in-medium interaction},
  author={Chiacchiera, Silvia and Lepers, Thomas and Davesne, Dany and Urban, Michael},
  journal={Physical Review A},
  volume={79},
  number={3},
  pages={033613},
  year={2009},
  publisher={APS}
}

@BOOK{Yafet1963,
  title={Solid State Physics},
  author={Seitz, F. and Turnbull, D.},
  number={v. 14},
  isbn={9780080864785},
  series={Solid State Physics},
  url={https://books.google.com/books?id=FfDUAYueP8QC},
  year={1963},
  publisher={Elsevier Science}
}


@ARTICLE{Shekhter2005,
  title={Chiral spin resonance and spin-Hall conductivity in the presence of the electron-electron interactions},
  author={Shekhter, Arcadi and Khodas, Maxim and Finkel’stein, AM},
  journal={Physical Review B},
  volume={71},
  number={16},
  pages={165329},
  year={2005},
  publisher={APS}
}

@ARTICLE{Chen1999,
  title={Exchange-induced enhancement of spin-orbit coupling in two-dimensional electronic systems},
  author={Chen, Guang-Hong and Raikh, ME},
  journal={Physical Review B},
  volume={60},
  number={7},
  pages={4826},
  year={1999},
  publisher={APS}
}

@ARTICLE{Ashrafi2012,
  title={Chiral Spin Waves in Fermi Liquids with Spin-Orbit Coupling},
  author={Ashrafi, Ali and Maslov, Dmitrii L},
  journal={Physical review letters},
  volume={109},
  number={22},
  pages={227201},
  year={2012},
  publisher={APS}
}

@ARTICLE{Ashrafi2013,
  title={Theory of a chiral Fermi liquid: General formalism},
  author={Ashrafi, Ali and Rashba, Emmanuel I and Maslov, Dmitrii L},
  journal={Physical Review B},
  volume={88},
  number={7},
  pages={075115},
  year={2013},
  publisher={APS}
}

@BOOK{Pines1966,
  title={Theory Of Quantum Liquids},
  author={Nozieres, P. and Pines, D.},
  isbn={9780813346533},
  series={Advanced Books Classics},
  url={https://books.google.com/books?id=q3wCwaV-gmUC},
  year={1999},
  publisher={Avalon Publishing}
}


@ARTICLE{Pantel2012,
  title={Trap anharmonicity and sloshing mode of a Fermi gas},
  author={Pantel, Pierre-Alexandre and Davesne, Dany and Chiacchiera, Silvia and Urban, Michael},
  journal={Physical Review A},
  volume={86},
  number={2},
  pages={023635},
  year={2012},
  publisher={APS}
}

@BOOK{Pitaevskii1980,
  title={Course of Theoretical Physics: Statistical Physics, Part 2 : by E.M. Lifshitz and L.P. Pitaevskii},
  author={Landau, L.D. and Lifshitz, E.M. and Pitaevskii, L.P.},
  number={v. 9},
  url={https://books.google.com/books?id=j9FNAQAACAAJ},
  year={1980}
}



@ARTICLE{Li1989,
  title={Collective excitation spectra of one-dimensional electron systems},
  author={Li, Qiang and Sarma, S Das},
  journal={Physical Review B},
  volume={40},
  number={8},
  pages={5860},
  year={1989},
  publisher={APS}
}

@ARTICLE{Haupt1991,
  title={Depolarization shift in quasi-one-dimensional quantum-well wires},
  author={Haupt, R and Wendler, L and Pechstedt, R},
  journal={Physical Review B},
  volume={44},
  number={24},
  pages={13635},
  year={1991},
  publisher={APS}
}

@ARTICLE{Ullrich2002,
  title={Intersubband spin-density excitations in quantum wells with Rashba spin splitting},
  author={Ullrich, CA and Flatt{\'e}, ME},
  journal={Physical Review B},
  volume={66},
  number={20},
  pages={205305},
  year={2002},
  publisher={APS}
}

@ARTICLE{Ullrich2003,
  title={Anisotropic splitting of intersubband spin plasmons in quantum wells with bulk and structural inversion asymmetry},
  author={Ullrich, CA and Flatt{\'e}, ME},
  journal={Physical Review B},
  volume={68},
  number={23},
  pages={235310},
  year={2003},
  publisher={APS}
}

@ARTICLE{Chien2010,
  title={Fermi-liquid theory of ultracold trapped Fermi gases: Implications for pseudogap physics and other strongly correlated phases},
  author={Chien, Chih-Chun and Levin, K},
  journal={Physical Review A},
  volume={82},
  number={1},
  pages={013603},
  year={2010},
  publisher={APS}
}

@ARTICLE{Frolov2009a,
  title={Electrical generation of pure spin currents in a two-dimensional electron gas},
  author={Frolov, SM and Venkatesan, A and Yu, W and Folk, JA and Wegscheider, Werner},
  journal={Physical review letters},
  volume={102},
  number={11},
  pages={116802},
  year={2009},
  publisher={APS}
}

@ARTICLE{Kallin1984,
  title={Excitations from a filled Landau level in the two-dimensional electron gas},
  author={Kallin, C and Halperin, BI},
  journal={Physical Review B},
  volume={30},
  number={10},
  pages={5655},
  year={1984},
  publisher={APS}
}

@BOOK{Pethic,
  title={Bose-Einstein condensation in dilute gases},
  author={Pethick, Christopher J and Smith, Henrik},
  year={2002},
  publisher={Cambridge university press}
}

@BOOK{Grosso,
  title={Solid State Physics},
  author={Grosso, G. and Parravicini, G.P.},
  isbn={9781493300556},
  url={https://books.google.com/books?id=IauzoQEACAAJ},
  year={2000},
  publisher={Elsevier Science}
}


@ARTICLE{Bychkov1984,
  title={Properties of a 2D electron gas with lifted spectral degeneracy},
  author={Bychkov, Yu A and Rashba, EI},
  journal={JETP lett},
  volume={39},
  number={2},
  pages={78},
  year={1984}
}

@ARTICLE{Bose1924,
  title={Planck’s law and light quantum hypothesis},
  author={Bose, SN},
  journal={Z. Phys},
  volume={26},
  number={1},
  pages={178},
  year={1924}
}

@ARTICLE{Einstein1924,
  title={Sitzungsberichte der preussischen akademie der wissenschaften},
  author={Einstein, Albert},
  journal={Physikalisch-mathematische Klasse},
  volume={261},
  number={3},
  pages={1925},
  year={1924}
}


@article{dalfovo1999,
  title={Theory of Bose-Einstein condensation in trapped gases},
  author={Dalfovo, Franco and Giorgini, Stefano and Pitaevskii, Lev P and Stringari, Sandro},
  journal={Reviews of Modern Physics},
  volume={71},
  number={3},
  pages={463},
  year={1999},
  publisher={APS}
}

@article{anderson1995,
  title={Observation of Bose-Einstein condensation in a dilute atomic vapor},
  author={Anderson, Mike H and Ensher, Jason R and Matthews, Michael R and Wieman, Carl E and Cornell, Eric A and others},
  journal={science},
  volume={269},
  number={5221},
  pages={198--201},
  year={1995},
  publisher={JSTOR}
}

@article{cornell1996,
  title={Very cold indeed: The nanokelvin physics of Bose-Einstein condensation},
  author={Cornell, Eric},
  journal={Journal of research of the National Institute of Standards and Technology},
  volume={101},
  number={4},
  pages={419},
  year={1996},
  publisher={National Institute of Standards and Technology}
}

@article{hecht1959,
  title={The possible superfluid behaviour of hydrogen atom gases and liquids},
  author={Hecht, Charles E},
  journal={Physica},
  volume={25},
  number={7-12},
  pages={1159--1161},
  year={1959},
  publisher={North-Holland}
}

@article{stwalley1976,
  title={Possible" new" quantum systems},
  author={Stwalley, Willian C and Nosanow, LH},
  journal={Physical Review Letters},
  volume={36},
  number={15},
  pages={910},
  year={1976},
  publisher={APS}
}

@article{fried1998,
  title={Bose-Einstein condensation of atomic hydrogen},
  author={Fried, Dale G and Killian, Thomas C and Willmann, Lorenz and Landhuis, David and Moss, Stephen C and Kleppner, Daniel and Greytak, Thomas J},
  journal={Physical Review Letters},
  volume={81},
  number={18},
  pages={3811},
  year={1998},
  publisher={APS}
}

@book{ashcroft,
  title={Solid State Physics},
  author={Ashcroft, N.W. and Mermin, N.D.},
  isbn={9780030839931},
  lccn={lc74009772},
  series={HRW international editions},
  url={https://books.google.com/books?id=1C9HAQAAIAAJ},
  year={1976},
  publisher={Holt, Rinehart and Winston}
}

@article{shilo2013,
  title={Particle correlations and evidence for dark state condensation in a cold dipolar exciton fluid.},
  author={Shilo, Y and Cohen, K and Laikhtman, B and West, K and Pfeiffer, L and Rapaport, R},
  journal={Nature communications},
  volume={4},
  pages={2335},
  year={2013}
}

@article{butov2002,
  title={Towards Bose--Einstein condensation of excitons in potential traps},
  author={Butov, LV and Lai, CW and Ivanov, AL and Gossard, AC and Chemla, DS},
  journal={Nature},
  volume={417},
  number={6884},
  pages={47--52},
  year={2002},
  publisher={Nature Publishing Group}
}

@article{combescot2007,
  title={Bose-Einstein condensation in semiconductors: The key role of dark excitons},
  author={Combescot, Monique and Betbeder-Matibet, Odile and Combescot, Roland},
  journal={Physical review letters},
  volume={99},
  number={17},
  pages={176403},
  year={2007},
  publisher={APS}
}

@article{stern2014,
  title={Exciton liquid in coupled quantum wells},
  author={Stern, Michael and Umansky, Vladimir and Bar-Joseph, Israel},
  journal={Science},
  volume={343},
  number={6166},
  pages={55--57},
  year={2014},
  publisher={American Association for the Advancement of Science}
}

@article{giorgini2008,
  title={Theory of ultracold atomic Fermi gases},
  author={Giorgini, Stefano and Pitaevskii, Lev P and Stringari, Sandro},
  journal={Reviews of Modern Physics},
  volume={80},
  number={4},
  pages={1215},
  year={2008},
  publisher={APS}
}

@article{strecker2003,
  title={Conversion of an atomic Fermi gas to a long-lived molecular Bose gas},
  author={Strecker, Kevin E and Partridge, Guthrie B and Hulet, Randall G},
  journal={Physical review letters},
  volume={91},
  number={8},
  pages={080406},
  year={2003},
  publisher={APS}
}

@article{bourdel2004,
  title={Experimental study of the BEC-BCS crossover region in lithium 6},
  author={Bourdel, Thomas and Khaykovich, Lev and Cubizolles, Julien and Zhang, Jun and Chevy, Fr{\'e}d{\'e}ric and Teichmann, M and Tarruell, L and Kokkelmans, SJJMF and Salomon, Christophe},
  journal={Physical Review Letters},
  volume={93},
  number={5},
  pages={050401},
  year={2004},
  publisher={APS}
}

@article{inouye1998,
  title={Observation of Feshbach resonances in a Bose--Einstein condensate},
  author={Inouye, S and Andrews, MR and Stenger, J and Miesner, H-J and Stamper-Kurn, DM and Ketterle, W},
  journal={Nature},
  volume={392},
  number={6672},
  pages={151--154},
  year={1998},
  publisher={Nature Publishing Group}
}

@article{bamler2015,
  title={Equilibration and approximate conservation laws: Dipole oscillations and perfect drag of ultracold atoms in a harmonic trap},
  author={Bamler, Robert and Rosch, Achim},
  journal={Physical Review A},
  volume={91},
  number={6},
  pages={063604},
  year={2015},
  publisher={APS}
}

@article{zaremba1998,
  title={Two-fluid hydrodynamics for a trapped weakly interacting Bose gas},
  author={Zaremba, E and Griffin, A and Nikuni, T},
  journal={Physical Review A},
  volume={57},
  number={6},
  pages={4695},
  year={1998},
  publisher={APS}
}

@inproceedings{forster1975,
  title={Hydrodynamic fluctuations, broken symmetry, and correlation functions},
  author={Forster, Dieter},
  booktitle={Reading, Mass., WA Benjamin, Inc.(Frontiers in Physics. Volume 47), 1975. 343 p.},
  volume={47},
  year={1975}
}

@incollection{LT,
  title={An exactly soluble model of a many-fermion system},
  author={Luttinger, JM},
  booktitle={Luttinger Model: The First 50 Years and Some New Directions},
  pages={3--11},
  year={2014},
  publisher={World Scientific}
}

@book{Slichter,
  title={Principles of Magnetic Resonance},
  author={Slichter, C.P.},
  isbn={9783662094419},
  series={Springer Series in Solid-State Sciences},
  url={https://books.google.com/books?id=jF3xCAAAQBAJ},
  year={2013},
  publisher={Springer Berlin Heidelberg}
}

@article{Silin1958,
  title={Oscillations of a Fermi-liquid in a Magnetic Field},
  author={Silin, VP},
  journal={Sov. Phys. JETP},
  volume={6},
  pages={945--950},
  year={1958}
}

@article{Leggett1970,
  title={Spin diffusion and spin echoes in liquid 3He at low temperature},
  author={Leggett, AJ},
  journal={Journal of Physics C: Solid State Physics},
  volume={3},
  number={2},
  pages={448},
  year={1970},
  publisher={IOP Publishing}
}