@ARTICLE{Review-1,
  AUTHOR = {V.~V.~Deshpande and M.~Bockrath and L.~I.~Glazman and A.~Yacoby},
  JOURNAL = {Nature},
  VOLUME = {464},
  PAGES = {209},
  YEAR = {2010}
}

@ARTICLE{Review-2,
  AUTHOR = {M.~A.~Cazalilla and R.~Citro and T.~Giamarchi and E.~Orignac and M.~Rigol},
  JOURNAL = {Rev. Mod. Phys.},
  VOLUME = {83},
  PAGES = {1405},
  YEAR = {2011}
}

@ARTICLE{Review-3,
  AUTHOR = {A.~Imambekov and T.~L.~Schmidt and L.~I.~Glazman},
  JOURNAL = {Rev. Mod. Phys.},
  VOLUME = {84},
  PAGES = {1253},
  YEAR = {2012}
}

@BOOK{LL,
  AUTHOR = {L.~D.~Landau and E.~M.~Lifshitz},
  TITLE = {Fluid Mechanics},
  PUBLISHER = {Pergamon Press},
  ADDRESS = {Oxford},
  YEAR = {1987}
}

@ARTICLE{Haldane,
  AUTHOR = {F.~D.~M.~Haldane},
  JOURNAL = {J. Phys. C: Solid State Phys.},
  VOLUME = {14},
  PAGES = {2585},
  YEAR = {1981}
}

@BOOK{Stone, 
  AUTHOR = {M.~Stone},
  TITLE = {Bosonization},
  PUBLISHER = {World Scientific Publishing Co.},
  YEAR = {1994}
}

@BOOK{Gogolin,
  AUTHOR = {A.~O.~Gogolin and A.~A.~Nersesyan and A.~M.~Tsvelik},
  TITLE = {Bosonization and strongly correlated systems},
  PUBLISHER = {Cambridge University Press},
  YEAR = {1998}
}

@BOOK{Giamarchi,
  AUTHOR = {T. Giamarchi},
  TITLE =  {Quantum Physics in One Dimension},
  PUBLISHER = {Claredon Press},
  ADDRESS = {Oxford},
  YEAR = {2003}
}

@BOOK{Mattis,
  AUTHOR = {D.~C.~Mattis},
  TITLE = {The Many-Body Problem: An Encyclopedia of Exactly Solved Models in One Dimension},
  PUBLISHER = {World Scientific Publishing},
  YEAR = {1992}
}

@BOOK{Sutherland,
  AUTHOR = {B.~Sutherland},
  TITLE = {Beautiful models: 70 years of exactly solved quantum many-body problems},
  PUBLISHER = {World Sci. Pub.},
  YEAR = {2004}
}

@ARTICLE{Kinast,
  AUTHOR = {J.~Kinast and S.~L.~Hemmer and M.~E.~Gehm and A.~Turlapov and J.~E.~Thomas}, 
  JOURNAL = {Phys. Rev. Lett.},
  VOLUME = {92},
  PAGES = {150402},
  YEAR = {2004}
}

@ARTICLE{Bartenstein,
  AUTHOR = {M.~Bartenstein and A.~Altmeyer and S.~Riedl and S.~Jochim and C.~Chin and J.~Hecker Denschlag and R.~Grimm}, 
  JOURNAL = {Phys. Rev. Lett.},
  VOLUME = {92},
  PAGES = {203201},
  YEAR = {2004}
}

@ARTICLE{Altmeyer,
  AUTHOR = {A.~Altmeyer and S.~Riedl and C.~Kohstall and M.~J.~Wright and R.~Geursen and M.~Bartenstein and C.~Chin and J.~Hecker Denschlag and R.~Grimm},
  JOURNAL = {Phys. Rev. Lett.},
  VOLUME = {98},
  PAGES = {040401},
  YEAR = {2007}
}

@ARTICLE{Wright,
  AUTHOR = {M.~J.~Wright and S.~Riedl and A.~Altmeyer and C.~Kohstall and E.~R.~Sanchez Guajardo and J.~Hecker Denschlag and R.~Grimm},
  JOURNAL = {Phys. Rev. Lett.},
  VOLUME = {99},
  PAGES = {150403},
  YEAR = {2007}
}

@ARTICLE{Khodas,
  AUTHOR = {M.~Khodas and M.~Pustilnik and A.~Kamenev and L.~I.~Glazman}, 
  JOURNAL = {Phys. Rev. B},
  VOLUME = {76},
  PAGES = {155402},
  YEAR = {2007}
}

@ARTICLE{Barak,
  AUTHOR = {G.~Barak and H.~Steinberg and L.~N.~Pfeiffer and K.~W.~West and L.~Glazman and F.~von Oppen and A.~Yacoby},
  JOURNAL = {Nat. Phys.},
  VOLUME = {6},
  PAGES = {489},
  YEAR = {2010}
}

@ARTICLE{Karzig,
  AUTHOR = {T.~Karzig and L.~I.~Glazman and F.~von Oppen},
  JOURNAL = {Phys. Rev. Lett.},
  VOLUME = {105},
  PAGES = {226407},
  YEAR = {2010}
}

@ARTICLE{Micklitz,
  AUTHOR = {T.~Micklitz and A.~Levchenko},
  JOURNAL = {Phys. Rev. Lett.},
  VOLUME = {106},
  PAGES = {196402},
  YEAR = {2011}
}

@ARTICLE{Levchenko,
  AUTHOR = {A.~Levchenko},
  JOURNAL = {Phys. Rev. Lett.},
  VOLUME = {113},
  PAGES = {196401},
  YEAR = {2014}
}

@ARTICLE{Iqbal,
  AUTHOR = {A.~Iqbal and M.~Khodas},
  JOURNAL = {Phys. Rev. B},
  VOLUME = {90},
  PAGES = {155439},
  YEAR = {2014}
}

@ARTICLE{Drexler,
  AUTHOR = {H.~Drexler and W.~Hansen and J.~P.~Kotthaus and M.~Holland and S.~P.~Beaumont}, 
  JOURNAL = {Phys. Rev. B},
  VOLUME = {46},
  PAGES = {12849(R)},
  YEAR = {1992}
}

@ARTICLE{Wendler,
  AUTHOR = {L.~Wendler and R.~Haupt},
  JOURNAL = {Phys. Rev. B},
  VOLUME = {52},
  PAGES = {9031},
  YEAR = {1995}
}

@ARTICLE{Schneider,
  AUTHOR = {S.~Schneider and G.~J.~Milburn},
  JOURNAL = {Phys. Rev. A},
  VOLUME = {65},
  PAGES = {042107},
  YEAR = {2002}
}

@ARTICLE{Riedl,
  AUTHOR = {S.~Riedl and E.~R.~Sanchez Guajardo and C.~Kohstall and A.~Altmeyer and M.~J.~Wright and J.~Hecker Denschlag and R.~Grimm and G.~M.~Bruun and H.~Smith},
  JOURNAL = {Phys. Rev. A},
  VOLUME = {78},
  PAGES = {053609},
  YEAR = {2008}
}

@ARTICLE{Morigi_PRE,
  AUTHOR = {G.~Morigi and S.~Fishman},
  JOURNAL = {Phys. Rev. E},
  VOLUME = {70},
  PAGES = {066141},
  YEAR = {2004}
}
%Dynamics of an ion chain in a harmonic potential

@ARTICLE{Abrikosov,
  AUTHOR = {A.~A.~Abrikosov and I.~M.~Khalatnikov},
  JOURNAL = {Rep. Prog. Phys.},
  VOLUME = {22},
  PAGES = {329},
  YEAR = {1959}
}

@UNPUBLISHED{Iqbal2,
  AUTHOR = {A. Iqbal and A. Levchenko and M. Khodas}
}

@ARTICLE{Citro,
  AUTHOR = {R.~Citro and S.~De Palo and E.~Orignac and P.~Pedri and M.-L.~Chiofalo},
  JOURNAL = {New J. Phys.},
  VOLUME = {10},
  PAGES = {045011},
  YEAR = {2008}
}

@ARTICLE{Stringari,
  AUTHOR = {C.~Menotti and S.~Stringari},
  JOURNAL = {Phys. Rev. A},
  VOLUME = {66},
  PAGES = {043610},
  YEAR = {2002}
}

@ARTICLE{Petrov1,
  AUTHOR = {D.~Petrov and D.~Gangardt and G.~Shlyapnikov},
  JOURNAL = {J. Physique IV},
  VOLUME = {116},
  PAGES = {5},
  YEAR = {2004}
}

@ARTICLE{Petrov2,
  AUTHOR = {D.~S.~Petrov and G.~V.~Shlyapnikov and J.~T.~M.~Walraven}, 
  JOURNAL = {Phys. Rev. Lett.},
  VOLUME = {85},
  PAGES = {3745},
  YEAR = {2000}
}

@ARTICLE{AL,
  AUTHOR = {A.~Levchenko and T.~Micklitz and J.~Rech and K.~A.~Matveev},
  JOURNAL = {Phys. Rev. B},
  VOLUME = {82},
  PAGES = {115413},
  YEAR = {2010}
}

@ARTICLE{Matveev,
  AUTHOR = {W.~DeGottardi and K.~A.~Matveev},
  JOURNAL = {Phys. Rev. Lett.},
  VOLUME = {114},
  PAGES = {236405},
  YEAR = {2015}
}

@ARTICLE{Andreev,
  AUTHOR = {A.~V.~Andreev and S.~A.~Kivelson and B.~Spivak},
  JOURNAL = {Phys. Rev. Lett.},
  VOLUME = {106},
  PAGES = {256804},
  YEAR = {2011}
}

%%%%%%%%chapter~1
@ARTICLE{Griffin1997,
  AUTHOR = {A.~Griffin and Wen-Chin~Wu and S.~Stringari},
  JOURNAL = {Phys. Rev. Lett.},
  VOLUME = {78},
  NUMBER = {10},
  PAGES = {1838},
  YEAR = {1997}
}

@ARTICLE{Wolf2001,
  AUTHOR = {S.~A.~Wolf and D.~D.~Awschalom and R.~A.~Buhrman and J.~M. Daughton and S.~von~Molnar and M.~L.~Roukes and A.~Y.~Chtchelkanova and D.~M.~Treger},
  JOURNAL = {Science},
  VOLUME = {294},
  PAGES = {1488},
  YEAR = {2001}
}

@BOOK{Awschalom2002,
  AUTHOR = {D.~Awschalom and D.~Loss and N.~Samarth},
  TITLE = {Semiconductor Spintronics and Quantum Computation (Nanoscience and Technology)},
  PUBLISHER = {Springer},
  ADDRESS = {Berlin},
  YEAR = {2002}
}

@ARTICLE{Hall2006,
  AUTHOR = {K.~Hall and M.~E.~Flatt\'e},
  JOURNAL = {Appl. Phys. Lett.},
  VOLUME = {88},
  PAGES = {162503},
  YEAR = {2006}
}
	
@ARTICLE{Awschalom2007,
  AUTHOR = {D.~D.~Awschalom and M.~E. Flatte},
  JOURNAL = {Nat. Phys.},
  VOLUME = {3},
  PAGES = {153},
  YEAR = {2007}
}

@ARTICLE{Bournel1998,
  AUTHOR = {A.~Bournel and P.~Dollfus and P.~Bruno and P.~Hesto},
  JOURNAL = {Eur. Phys. J. AP},
  VOLUME = {4},
  PAGES = {1},
  YEAR = {1998}
}

@ARTICLE{Malshukov2000,
  AUTHOR = {A.~G.~Mal'shukov and K.~A.~Chao},
  JOURNAL = {Phys. Rev. B},
  VOLUME = {61},
  PAGES = {R2413},
  YEAR = {2000}
}

@ARTICLE{Kiselev2000,
  AUTHOR = {A.~A.~Kiselev and K.~W.~Kim},
  JOURNAL = {Phys. Rev. B},
  VOLUME = {61},
  PAGES = {13115},
  YEAR = {2000}
}

@ARTICLE{Pareek2002,
  AUTHOR = {T.~P.~Pareek and P.~Bruno},
  JOURNAL = {Phys. Rev. B},
  VOLUME = {65},
  PAGES = {241305},
  YEAR = {2002}
}

@ARTICLE{Schwab2006,
  AUTHOR = {P.~Schwab and M.~Dzierzawa and C.~Gorini and R.~Raimondi},
  JOURNAL = {Phys. Rev. B},
  VOLUME = {74},
  PAGES = {155316},
  YEAR = {2006}
}

@ARTICLE{Holleitner2006,
  AUTHOR = {A.~W.~Holleitner and V.~Sih and R.~C.~Myers and A.~C.~Gossard and D.~D.~Awschalom},
  JOURNAL = {Phys. Rev. Lett.},
  VOLUME = {97},
  PAGES = {036805},
  YEAR = {2006}
}

@ARTICLE{Chang2009,
  AUTHOR = {C.-H.~Chang and J.~Tsai and H.-F.~Lo and A.~G.~Mal'shukov},
  JOURNAL = {Phys. Rev. B},
  VOLUME = {79},
  PAGES = {125310},
  YEAR = {2009}
}

@ARTICLE{Froltsov2001,
  AUTHOR = {V.~A.~Froltsov},
  JOURNAL = {Phys. Rev. B},
  VOLUME = {64},
  PAGES = {045311},
  YEAR = {2001}
}

@ARTICLE{Pershin2005,
  AUTHOR = {Y.~V.~Pershin},
  JOURNAL = {Phys. Rev. B},
  VOLUME = {71},
  PAGES = {155317},
  YEAR = {2005}
}

@ARTICLE{Meijer2004,
  AUTHOR = {F.~E.~Meijer and A.~F.~Morpurgo and T.~M.Klapwijk and T.~Koga and J.~Nitta},
  JOURNAL = {Phys. Rev. B},
  VOLUME = {70},
  PAGES = {201307},
  YEAR = {2004}
}

@ARTICLE{Frolov2009,
  AUTHOR = {S.~M.~Frolov and S.~L\"uscher and W.~Yu and Y.~Ren and J.~A.~Folk and W.~Wegscheider},
  JOURNAL = {Nature},
  VOLUME = {458},
  PAGES = {868},
  YEAR = {2009}
}

@ARTICLE{Luscher2010,
  AUTHOR = {S.~L\"uscher and S.~M.~Frolov and J.~A.~Folk},
  JOURNAL = {Phys. Rev. B},
  VOLUME = {82},
  PAGES = {115304},
  YEAR = {2010}
}

@ARTICLE{Hachiya2014,
  AUTHOR = {M.~O.~Hachiya and G.~Usaj and J.~C.~Egues},
  JOURNAL = {Phys. Rev. B},
  VOLUME = {89},
  PAGES = {125310},
  YEAR = {2014}
}

@ARTICLE{Berman2014,
  AUTHOR = {D.~H.~Berman and M.~Khodas and M.~E.~Flatt\'e},
  JOURNAL = {Phys. Rev. X},
  VOLUME = {4},
  PAGES = {011048},
  YEAR = {2014}
}

@ARTICLE{Kohn1961,
  AUTHOR = {W.~Kohn},
  JOURNAL = {Phys. Rev.},
  VOLUME = {123},
  PAGES = {1242},
  YEAR = {1961}
}

@ARTICLE{Dobson1994,
  AUTHOR = {J.~F.~Dobson},
  JOURNAL = {Phys. Rev. Lett.},
  VOLUME = {73},
  PAGES = {2244},
  YEAR = {1994}
}

@ARTICLE{Brey1989,
  AUTHOR = {L.~Brey and N.~F.~Johnson and B.~I. Halperin},
  JOURNAL = {Phys. Rev. B},
  VOLUME = {40},
  PAGES = {10647},
  YEAR = {1989}
}

@ARTICLE{Wixforth1994,
  AUTHOR = {A.~Wixforth and M.~Kaloudis and C.~Rocke and K.~Ensslin and M.~Sundaram and J.~H.~English and A.~C.~Gossard},
  JOURNAL = {Semiconductor Science and Technology},
  VOLUME = {9},
  PAGES = {215},
  YEAR = {1994}
}

@ARTICLE{Minguzzi2001,
  AUTHOR = {A.~Minguzzi and M.~Tosi},
  JOURNAL = {Physica B: Condensed Matter},
  VOLUME = {300},
  PAGES = {27},
  YEAR = {2001}
}

@ARTICLE{Chiacchiera2009,
  AUTHOR = {S.~Chiacchiera and T.~Lepers and D.~Davesne and M.~Urban},
  JOURNAL = {Phys. Rev. A},
  VOLUME = {79},
  PAGES = {033613},
  YEAR = {2009}
}

@BOOK{Yafet1963,
  AUTHOR = {Y.~Yafet},
  TITLE = {Solid State Physics},
  VOLUME = {14},
  EDITOR = {F. Seitz and D. Turnbull},
  PAGES = {92},
  PUBLISHER = {Academic Press},
  ADDRESS = {New York},
  YEAR = {1963}
}

@ARTICLE{Shekhter2005,
  AUTHOR = {A.~Shekhter and M.~Khodas and A.~M.~Finkel'stein},
  JOURNAL = {Phys. Rev. B},
  VOLUME = {71},
  PAGES = {165329},
  YEAR = {2005}
}

@ARTICLE{Chen1999,
  AUTHOR = {G.-H.~Chen and M.~E.~Raikh},
  JOURNAL = {Phys. Rev. B},
  VOLUME = {60},
  PAGES = {4826},
  YEAR = {1999}
}

@ARTICLE{Ashrafi2012,
  AUTHOR = {A.~Ashrafi and D.~L.~Maslov},
  JOURNAL = {Phys. Rev. Lett.},
  VOLUME = {109},
  PAGES = {227201},
  YEAR = {2012}
}

@ARTICLE{Ashrafi2013,
  AUTHOR = {A.~Ashrafi and E.~I.~Rashba and D.~L. Maslov},
  JOURNAL = {Phys. Rev. B},
  VOLUME = {88},
  PAGES = {075115},
  YEAR = {2013}
}

@BOOK{Pines1966,
  AUTHOR = {D.~Pines and P.~Nozi\'eres},
  TITLE = {The Theory of Quantum Liquids},
  PUBLISHER = {W. A. Benjamin, Inc.},
  ADDRESS = {USA},
  YEAR = {1966}
}

@ARTICLE{Pantel2012,
  AUTHOR = {P.-A.~Pantel and D.~Davesne and S.~Chiacchiera and M.~Urban},
  JOURNAL = {Phys. Rev. A},
  VOLUME = {86},
  PAGES = {023635},
  YEAR = {2012}
}

@BOOK{Pitaevskii1980,
  EDITOR = {L.~D.~Landau and E.~M.~Lifshitz},
  SERIES = {Course of Theoretical Physics},
  TITLE = {Statistical Physics, Part 2},
  VOLUME = {9},
  AUTHOR = {E. M. Lifshitz and L. P. Pitaevskii},
  PUBLISHER = {Pergamon},
  ADDRESS = {Oxford},
  YEAR = {1980}
}

@ARTICLE{Li1989,
  AUTHOR = {Q.~Li and S.~Das~Sarma},
  JOURNAL = {Phys. Rev. B},
  VOLUME = {40},
  PAGES = {5860},
  YEAR = {1989}
}

@ARTICLE{Haupt1991,
  AUTHOR = {R.~Haupt and L.~Wendler and R.~Pechstedt},
  JOURNAL = {Phys. Rev. B},
  VOLUME = {44},
  PAGES = {13635},
  YEAR = {1991}
}

@ARTICLE{Ullrich2002,
  AUTHOR = {C.~A.~Ullrich and M.~E.~Flatt\'e},
  JOURNAL = {Phys. Rev. B},
  VOLUME = {66},
  PAGES = {205305},
  YEAR = {2002}
}

@ARTICLE{Ullrich2003,
  AUTHOR = {C.~A.~Ullrich and M.~E.~Flatt\'e},
  JOURNAL = {Phys. Rev. B},
  VOLUME = {68},
  PAGES = {235310},
  YEAR = {2003}
}

@ARTICLE{Chien2010,
  AUTHOR = {C.-C.~Chien and K.~Levin},
  JOURNAL = {Phys. Rev. A},
  VOLUME = {82},
  PAGES = {013603},
  YEAR = {2010}
}

@ARTICLE{Frolov2009a,
  AUTHOR = {S.~M.~Frolov and A.~Venkatesan and W.~Yu and J.~A.~Folk and W.~Wegscheider},
  JOURNAL = {Phys. Rev. Lett.},
  VOLUME = {102},
  PAGES = {116802},
  YEAR = {2009}
}

@ARTICLE{Kallin1984,
  AUTHOR = {C.~Kallin and B.~I.~Halperin},
  JOURNAL = {Phys. Rev. B},
  VOLUME = {30},
  PAGES = {5655},
  YEAR = {1984}
}

@BOOK{Pethic,
  AUTHOR = {C.~J.~Pethic and H.~Smith},
  TITLE = {Bose-Einstein Condensation in Dilute Gases},
  EDITION = {2},
  PUBLISHER = {Cambridge University Press},
  ADDRESS = {Cambridge},
  YEAR = {2008}
}

@BOOK{Grosso,
  AUTHOR = {G.~Grosso and G.~P.~Parravicini},
  TITLE = {Solid State Physics},
  PUBLISHER = {Academic Press},
  ADDRESS = {California},
  YEAR = {2003}
}

@ARTICLE{Bychkov1984,
  AUTHOR = {Yu.~A.~Bychkov and E.~I.~Rashba},
  JOURNAL = {Pis'ma Zh. Eksp. Teor. Fiz.},
  VOLUME = {39},
  PAGES = {66},
  YEAR = {1984}
}

@ARTICLE{Bose1924,
  AUTHOR = {S.~N.~Bose},
  JOURNAL = {Z. Phys.},
  VOLUME = {26},
  PAGES = {178},
  YEAR = {1924}
}

@ARTICLE{Einstein1924,
  AUTHOR = {A.~Einstein},
  JOURNAL = {Sitzungsberichte der Preussischen Akademie der Wissenschaften, Physikalisch-mathematische Klasse},
  PAGES = {261},
 YEAR = {1924}
}

@ARTICLE{Einstein1925,
  AUTHOR = {A.~Einstein},
  JOURNAL = {Sitzungsberichte der Preussischen Akademie der Wissenschaften, Physikalisch-mathematische Klasse},
  PAGES = {3},
  YEAR = {1925}
}

